<record><leader>00000cas a2200000 a 4500</leader><controlfield tag="001">135176621</controlfield><controlfield tag="007">hd afb019bucu</controlfield><controlfield tag="007">hd bfb019bubu</controlfield><controlfield tag="008">070524d19171918akuwr nea     0    0eng c</controlfield><datafield ind1=" " ind2=" " tag="010"><subfield code="a">  2007252444</subfield></datafield><datafield ind1=" " ind2=" " tag="040"><subfield code="a">WAU</subfield><subfield code="b">eng</subfield><subfield code="c">WAU</subfield><subfield code="d">WAU</subfield><subfield code="d">OCLCQ</subfield><subfield code="d">OCLCF</subfield><subfield code="d">OCLCQ</subfield></datafield><datafield ind1=" " ind2=" " tag="042"><subfield code="a">pcc</subfield></datafield><datafield ind1=" " ind2=" " tag="043"><subfield code="a">n-us-ak</subfield></datafield><datafield ind1="0" ind2="0" tag="245"><subfield code="a">Anchorage weekly times and Alaska labor news.</subfield></datafield><datafield ind1="3" ind2="0" tag="246"><subfield code="a">Anchorage weekly times</subfield></datafield><datafield ind1="1" ind2=" " tag="246"><subfield code="i">Issues for Aug. 22-29, 1917 have title:</subfield><subfield code="a">Anchorage weekly times add Alaska labor news</subfield></datafield><datafield ind1=" " ind2=" " tag="260"><subfield code="a">Anchorage, Alaska :</subfield><subfield code="b">Anchorage Pub. Co.</subfield></datafield><datafield ind1=" " ind2=" " tag="300"><subfield code="a">volumes</subfield></datafield><datafield ind1=" " ind2=" " tag="310"><subfield code="a">Weekly</subfield></datafield><datafield ind1=" " ind2=" " tag="336"><subfield code="a">text</subfield><subfield code="b">txt</subfield><subfield code="2">rdacontent</subfield></datafield><datafield ind1=" " ind2=" " tag="337"><subfield code="a">microform</subfield><subfield code="b">h</subfield><subfield code="2">rdamedia</subfield></datafield><datafield ind1=" " ind2=" " tag="338"><subfield code="a">microfilm reel</subfield><subfield code="b">hd</subfield><subfield code="2">rdacarrier</subfield></datafield><datafield ind1="1" ind2=" " tag="362"><subfield code="a">Began in 1917; ceased in 1918.</subfield></datafield><datafield ind1=" " ind2=" " tag="588"><subfield code="a">Description based on: Vol. 1, no. 43 (July 21, 1917).</subfield></datafield><datafield ind1=" " ind2=" " tag="588"><subfield code="a">Latest issue consulted: Vol. 2, no. 7 (Jan. 17, 1918).</subfield></datafield><datafield ind1=" " ind2=" " tag="533"><subfield code="a">Microfilm.</subfield><subfield code="b">[Seattle, Wash.] :</subfield><subfield code="c">Filmed by University of Washington Library.</subfield><subfield code="e">1 microfilm reel ; 35 mm.</subfield><subfield code="n">Filmed with: Anchorage daily times.</subfield></datafield><datafield ind1=" " ind2="0" tag="651"><subfield code="a">Anchorage (Alaska)</subfield><subfield code="v">Newspapers.</subfield></datafield><datafield ind1=" " ind2="7" tag="651"><subfield code="a">Alaska</subfield><subfield code="z">Anchorage.</subfield><subfield code="2">fast</subfield><subfield code="0">(OCoLC)fst01212412</subfield></datafield><datafield ind1=" " ind2="7" tag="655"><subfield code="a">Newspapers.</subfield><subfield code="2">fast</subfield><subfield code="0">(OCoLC)fst01423814</subfield></datafield><datafield ind1="0" ind2="0" tag="780"><subfield code="t">Anchorage weekly times and Cook Inlet pioneer</subfield></datafield><datafield ind1="0" ind2="0" tag="785"><subfield code="t">Anchorage weekly times</subfield></datafield><datafield ind1="1" ind2=" " tag="029"><subfield code="a">AU@</subfield><subfield code="b">000041677707</subfield></datafield></record>